@book{bookc:rotman95,
  author={Joseph J. Rotman},
  title={An Introduction to the Theory of Groups},
  series={Graduate Texts in Mathematics},
  publisher={Springer},
  edition={Fourth Edition},
  year={1995}
}

